%YAML 1.1
%TAG !u! tag:unity3d.com,2011:
--- !u!29 &1
OcclusionCullingSettings:
  m_ObjectHideFlags: 0
  serializedVersion: 2
  m_OcclusionBakeSettings:
    smallestOccluder: 5
    smallestHole: 0.25
    backfaceThreshold: 100
  m_SceneGUID: 00000000000000000000000000000000
  m_OcclusionCullingData: {fileID: 0}
--- !u!104 &2
RenderSettings:
  m_ObjectHideFlags: 0
  serializedVersion: 8
  m_Fog: 0
  m_FogColor: {r: 0.5, g: 0.5, b: 0.5, a: 1}
  m_FogMode: 3
  m_FogDensity: 0.01
  m_LinearFogStart: 0
  m_LinearFogEnd: 300
  m_AmbientSkyColor: {r: 0.212, g: 0.227, b: 0.259, a: 1}
  m_AmbientEquatorColor: {r: 0.114, g: 0.125, b: 0.133, a: 1}
  m_AmbientGroundColor: {r: 0.047, g: 0.043, b: 0.035, a: 1}
  m_AmbientIntensity: 1
  m_AmbientMode: 3
  m_SubtractiveShadowColor: {r: 0.42, g: 0.478, b: 0.627, a: 1}
  m_SkyboxMaterial: {fileID: 0}
  m_HaloStrength: 0.5
  m_FlareStrength: 1
  m_FlareFadeSpeed: 3
  m_HaloTexture: {fileID: 0}
  m_SpotCookie: {fileID: 10001, guid: 0000000000000000e000000000000000, type: 0}
  m_DefaultReflectionMode: 0
  m_DefaultReflectionResolution: 128
  m_ReflectionBounces: 1
  m_ReflectionIntensity: 1
  m_CustomReflection: {fileID: 0}
  m_Sun: {fileID: 0}
  m_IndirectSpecularColor: {r: 0, g: 0, b: 0, a: 1}
--- !u!157 &3
LightmapSettings:
  m_ObjectHideFlags: 0
  serializedVersion: 11
  m_GIWorkflowMode: 1
  m_GISettings:
    serializedVersion: 2
    m_BounceScale: 1
    m_IndirectOutputScale: 1
    m_AlbedoBoost: 1
    m_TemporalCoherenceThreshold: 1
    m_EnvironmentLightingMode: 0
    m_EnableBakedLightmaps: 0
    m_EnableRealtimeLightmaps: 0
  m_LightmapEditorSettings:
    serializedVersion: 9
    m_Resolution: 2
    m_BakeResolution: 40
    m_TextureWidth: 1024
    m_TextureHeight: 1024
    m_AO: 0
    m_AOMaxDistance: 1
    m_CompAOExponent: 1
    m_CompAOExponentDirect: 0
    m_Padding: 2
    m_LightmapParameters: {fileID: 0}
    m_LightmapsBakeMode: 1
    m_TextureCompression: 1
    m_FinalGather: 0
    m_FinalGatherFiltering: 1
    m_FinalGatherRayCount: 256
    m_ReflectionCompression: 2
    m_MixedBakeMode: 2
    m_BakeBackend: 0
    m_PVRSampling: 1
    m_PVRDirectSampleCount: 32
    m_PVRSampleCount: 500
    m_PVRBounces: 2
    m_PVRFilterTypeDirect: 0
    m_PVRFilterTypeIndirect: 0
    m_PVRFilterTypeAO: 0
    m_PVRFilteringMode: 1
    m_PVRCulling: 1
    m_PVRFilteringGaussRadiusDirect: 1
    m_PVRFilteringGaussRadiusIndirect: 5
    m_PVRFilteringGaussRadiusAO: 2
    m_PVRFilteringAtrousPositionSigmaDirect: 0.5
    m_PVRFilteringAtrousPositionSigmaIndirect: 2
    m_PVRFilteringAtrousPositionSigmaAO: 1
    m_ShowResolutionOverlay: 1
  m_LightingDataAsset: {fileID: 0}
  m_UseShadowmask: 1
--- !u!196 &4
NavMeshSettings:
  serializedVersion: 2
  m_ObjectHideFlags: 0
  m_BuildSettings:
    serializedVersion: 2
    agentTypeID: 0
    agentRadius: 0.5
    agentHeight: 2
    agentSlope: 45
    agentClimb: 0.4
    ledgeDropHeight: 0
    maxJumpAcrossDistance: 0
    minRegionArea: 2
    manualCellSize: 0
    cellSize: 0.16666667
    manualTileSize: 0
    tileSize: 256
    accuratePlacement: 0
    debug:
      m_Flags: 0
  m_NavMeshData: {fileID: 0}
--- !u!1001 &71983226
Prefab:
  m_ObjectHideFlags: 0
  serializedVersion: 2
  m_Modification:
    m_TransformParent: {fileID: 165282628}
    m_Modifications:
    - target: {fileID: 4736415514979554, guid: 4c0d3d9b476710046a77aa49b8bfeefb, type: 2}
      propertyPath: m_LocalPosition.x
      value: -467.16028
      objectReference: {fileID: 0}
    - target: {fileID: 4736415514979554, guid: 4c0d3d9b476710046a77aa49b8bfeefb, type: 2}
      propertyPath: m_LocalPosition.y
      value: -308.86536
      objectReference: {fileID: 0}
    - target: {fileID: 4736415514979554, guid: 4c0d3d9b476710046a77aa49b8bfeefb, type: 2}
      propertyPath: m_LocalPosition.z
      value: 0
      objectReference: {fileID: 0}
    - target: {fileID: 4736415514979554, guid: 4c0d3d9b476710046a77aa49b8bfeefb, type: 2}
      propertyPath: m_LocalRotation.x
      value: -0
      objectReference: {fileID: 0}
    - target: {fileID: 4736415514979554, guid: 4c0d3d9b476710046a77aa49b8bfeefb, type: 2}
      propertyPath: m_LocalRotation.y
      value: -0
      objectReference: {fileID: 0}
    - target: {fileID: 4736415514979554, guid: 4c0d3d9b476710046a77aa49b8bfeefb, type: 2}
      propertyPath: m_LocalRotation.z
      value: -0
      objectReference: {fileID: 0}
    - target: {fileID: 4736415514979554, guid: 4c0d3d9b476710046a77aa49b8bfeefb, type: 2}
      propertyPath: m_LocalRotation.w
      value: 1
      objectReference: {fileID: 0}
    - target: {fileID: 4736415514979554, guid: 4c0d3d9b476710046a77aa49b8bfeefb, type: 2}
      propertyPath: m_RootOrder
      value: 3
      objectReference: {fileID: 0}
    - target: {fileID: 0}
      propertyPath: bm
      value: 
      objectReference: {fileID: 0}
    - target: {fileID: 0}
      propertyPath: windowArea
      value: 
      objectReference: {fileID: 2002334599}
    - target: {fileID: 0}
      propertyPath: floorMesh
      value: 
      objectReference: {fileID: 2060798397}
    - target: {fileID: 0}
      propertyPath: isSectionComplete
      value: 
      objectReference: {fileID: 1375863702}
    - target: {fileID: 114083390786323028, guid: 4c0d3d9b476710046a77aa49b8bfeefb,
        type: 2}
      propertyPath: floorMesh
      value: 
      objectReference: {fileID: 2060798397}
    - target: {fileID: 114083390786323028, guid: 4c0d3d9b476710046a77aa49b8bfeefb,
        type: 2}
      propertyPath: windowArea
      value: 
      objectReference: {fileID: 2002334599}
    - target: {fileID: 114083390786323028, guid: 4c0d3d9b476710046a77aa49b8bfeefb,
        type: 2}
      propertyPath: isSectionComplete
      value: 
      objectReference: {fileID: 1375863702}
    - target: {fileID: 114083390786323028, guid: 4c0d3d9b476710046a77aa49b8bfeefb,
        type: 2}
      propertyPath: canResize
      value: 1
      objectReference: {fileID: 0}
    - target: {fileID: 114083390786323028, guid: 4c0d3d9b476710046a77aa49b8bfeefb,
        type: 2}
      propertyPath: Node
      value: 
      objectReference: {fileID: 1743106637988032, guid: 507ca0b056e2074469324668911adc56,
        type: 2}
    - target: {fileID: 114083390786323028, guid: 4c0d3d9b476710046a77aa49b8bfeefb,
        type: 2}
      propertyPath: minVerticesRequired
      value: 0
      objectReference: {fileID: 0}
    - target: {fileID: 114083390786323028, guid: 4c0d3d9b476710046a77aa49b8bfeefb,
        type: 2}
      propertyPath: VerticeArea
      value: 
      objectReference: {fileID: 2002334599}
    m_RemovedComponents: []
  m_ParentPrefab: {fileID: 100100000, guid: 4c0d3d9b476710046a77aa49b8bfeefb, type: 2}
  m_IsPrefabParent: 0
--- !u!1 &165282627
GameObject:
  m_ObjectHideFlags: 0
  m_PrefabParentObject: {fileID: 0}
  m_PrefabInternal: {fileID: 0}
  serializedVersion: 5
  m_Component:
  - component: {fileID: 165282628}
  m_Layer: 0
  m_Name: Managers
  m_TagString: Untagged
  m_Icon: {fileID: 0}
  m_NavMeshLayer: 0
  m_StaticEditorFlags: 0
  m_IsActive: 1
--- !u!4 &165282628
Transform:
  m_ObjectHideFlags: 0
  m_PrefabParentObject: {fileID: 0}
  m_PrefabInternal: {fileID: 0}
  m_GameObject: {fileID: 165282627}
  m_LocalRotation: {x: 0, y: 0, z: 0, w: 1}
  m_LocalPosition: {x: 1427.1603, y: 848.86536, z: 0}
  m_LocalScale: {x: 1, y: 1, z: 1}
  m_Children:
  - {fileID: 2096625835}
  - {fileID: 1692528963}
  - {fileID: 280471898}
  - {fileID: 1462390268}
  m_Father: {fileID: 0}
  m_RootOrder: 3
  m_LocalEulerAnglesHint: {x: 0, y: 0, z: 0}
--- !u!224 &241854878 stripped
RectTransform:
  m_PrefabParentObject: {fileID: 224300831315924514, guid: e4d66e6ffa00d724f929b054485a97fa,
    type: 2}
  m_PrefabInternal: {fileID: 896189379}
--- !u!114 &241854879 stripped
MonoBehaviour:
  m_PrefabParentObject: {fileID: 114530924698640880, guid: e4d66e6ffa00d724f929b054485a97fa,
    type: 2}
  m_PrefabInternal: {fileID: 896189379}
  m_Script: {fileID: 708705254, guid: f70555f144d8491a825f0804e09c671c, type: 3}
--- !u!1 &280471896 stripped
GameObject:
  m_PrefabParentObject: {fileID: 1245191541210226, guid: 9db604461d491b344996c9d4b78b6345,
    type: 2}
  m_PrefabInternal: {fileID: 939416464}
--- !u!114 &280471897 stripped
MonoBehaviour:
  m_PrefabParentObject: {fileID: 114952893299765688, guid: 9db604461d491b344996c9d4b78b6345,
    type: 2}
  m_PrefabInternal: {fileID: 939416464}
  m_Script: {fileID: 11500000, guid: eef5acdd7061f4543aa48ab10e367268, type: 3}
--- !u!4 &280471898 stripped
Transform:
  m_PrefabParentObject: {fileID: 4899883765672852, guid: 9db604461d491b344996c9d4b78b6345,
    type: 2}
  m_PrefabInternal: {fileID: 939416464}
--- !u!224 &293573746 stripped
RectTransform:
  m_PrefabParentObject: {fileID: 224161519653538988, guid: ab71c937b0dc5ed409f4e0e57d5c1e26,
    type: 2}
  m_PrefabInternal: {fileID: 580433870}
--- !u!114 &293573747 stripped
MonoBehaviour:
  m_PrefabParentObject: {fileID: 114257537586507838, guid: ab71c937b0dc5ed409f4e0e57d5c1e26,
    type: 2}
  m_PrefabInternal: {fileID: 580433870}
  m_Script: {fileID: 708705254, guid: f70555f144d8491a825f0804e09c671c, type: 3}
--- !u!1001 &480837900
Prefab:
  m_ObjectHideFlags: 0
  serializedVersion: 2
  m_Modification:
    m_TransformParent: {fileID: 1538087025}
    m_Modifications:
    - target: {fileID: 224232564747929104, guid: c25c7db3cb5ce1c4397af6dc31684de5,
        type: 2}
      propertyPath: m_LocalPosition.x
      value: 0
      objectReference: {fileID: 0}
    - target: {fileID: 224232564747929104, guid: c25c7db3cb5ce1c4397af6dc31684de5,
        type: 2}
      propertyPath: m_LocalPosition.y
      value: 0
      objectReference: {fileID: 0}
    - target: {fileID: 224232564747929104, guid: c25c7db3cb5ce1c4397af6dc31684de5,
        type: 2}
      propertyPath: m_LocalPosition.z
      value: 0
      objectReference: {fileID: 0}
    - target: {fileID: 224232564747929104, guid: c25c7db3cb5ce1c4397af6dc31684de5,
        type: 2}
      propertyPath: m_LocalRotation.x
      value: -0
      objectReference: {fileID: 0}
    - target: {fileID: 224232564747929104, guid: c25c7db3cb5ce1c4397af6dc31684de5,
        type: 2}
      propertyPath: m_LocalRotation.y
      value: -0
      objectReference: {fileID: 0}
    - target: {fileID: 224232564747929104, guid: c25c7db3cb5ce1c4397af6dc31684de5,
        type: 2}
      propertyPath: m_LocalRotation.z
      value: -0
      objectReference: {fileID: 0}
    - target: {fileID: 224232564747929104, guid: c25c7db3cb5ce1c4397af6dc31684de5,
        type: 2}
      propertyPath: m_LocalRotation.w
      value: 1
      objectReference: {fileID: 0}
    - target: {fileID: 224232564747929104, guid: c25c7db3cb5ce1c4397af6dc31684de5,
        type: 2}
      propertyPath: m_RootOrder
      value: 1
      objectReference: {fileID: 0}
    - target: {fileID: 224232564747929104, guid: c25c7db3cb5ce1c4397af6dc31684de5,
        type: 2}
      propertyPath: m_AnchoredPosition.x
      value: -676
      objectReference: {fileID: 0}
    - target: {fileID: 224232564747929104, guid: c25c7db3cb5ce1c4397af6dc31684de5,
        type: 2}
      propertyPath: m_AnchoredPosition.y
      value: -66
      objectReference: {fileID: 0}
    - target: {fileID: 224232564747929104, guid: c25c7db3cb5ce1c4397af6dc31684de5,
        type: 2}
      propertyPath: m_SizeDelta.x
      value: 343.30005
      objectReference: {fileID: 0}
    - target: {fileID: 224232564747929104, guid: c25c7db3cb5ce1c4397af6dc31684de5,
        type: 2}
      propertyPath: m_SizeDelta.y
      value: 49.400024
      objectReference: {fileID: 0}
    - target: {fileID: 224232564747929104, guid: c25c7db3cb5ce1c4397af6dc31684de5,
        type: 2}
      propertyPath: m_AnchorMin.x
      value: 1
      objectReference: {fileID: 0}
    - target: {fileID: 224232564747929104, guid: c25c7db3cb5ce1c4397af6dc31684de5,
        type: 2}
      propertyPath: m_AnchorMin.y
      value: 1
      objectReference: {fileID: 0}
    - target: {fileID: 224232564747929104, guid: c25c7db3cb5ce1c4397af6dc31684de5,
        type: 2}
      propertyPath: m_AnchorMax.x
      value: 1
      objectReference: {fileID: 0}
    - target: {fileID: 224232564747929104, guid: c25c7db3cb5ce1c4397af6dc31684de5,
        type: 2}
      propertyPath: m_AnchorMax.y
      value: 1
      objectReference: {fileID: 0}
    - target: {fileID: 224232564747929104, guid: c25c7db3cb5ce1c4397af6dc31684de5,
        type: 2}
      propertyPath: m_Pivot.x
      value: 0.5
      objectReference: {fileID: 0}
    - target: {fileID: 224232564747929104, guid: c25c7db3cb5ce1c4397af6dc31684de5,
        type: 2}
      propertyPath: m_Pivot.y
      value: 0.5
      objectReference: {fileID: 0}
    - target: {fileID: 114449382670601186, guid: c25c7db3cb5ce1c4397af6dc31684de5,
        type: 2}
      propertyPath: m_Color.r
      value: 1
      objectReference: {fileID: 0}
    - target: {fileID: 114449382670601186, guid: c25c7db3cb5ce1c4397af6dc31684de5,
        type: 2}
      propertyPath: m_Color.g
      value: 0
      objectReference: {fileID: 0}
    - target: {fileID: 114449382670601186, guid: c25c7db3cb5ce1c4397af6dc31684de5,
        type: 2}
      propertyPath: m_Color.b
      value: 0
      objectReference: {fileID: 0}
    - target: {fileID: 224327023603245082, guid: c25c7db3cb5ce1c4397af6dc31684de5,
        type: 2}
      propertyPath: m_AnchoredPosition.x
      value: -201.36
      objectReference: {fileID: 0}
    - target: {fileID: 224327023603245082, guid: c25c7db3cb5ce1c4397af6dc31684de5,
        type: 2}
      propertyPath: m_AnchoredPosition.y
      value: -25
      objectReference: {fileID: 0}
    - target: {fileID: 114449382670601186, guid: c25c7db3cb5ce1c4397af6dc31684de5,
        type: 2}
      propertyPath: m_Text
      value: '1: Floor Mode'
      objectReference: {fileID: 0}
    m_RemovedComponents: []
  m_ParentPrefab: {fileID: 100100000, guid: c25c7db3cb5ce1c4397af6dc31684de5, type: 2}
  m_IsPrefabParent: 0
--- !u!1001 &580433870
Prefab:
  m_ObjectHideFlags: 0
  serializedVersion: 2
  m_Modification:
    m_TransformParent: {fileID: 1538087025}
    m_Modifications:
    - target: {fileID: 224161519653538988, guid: ab71c937b0dc5ed409f4e0e57d5c1e26,
        type: 2}
      propertyPath: m_LocalPosition.x
      value: 0
      objectReference: {fileID: 0}
    - target: {fileID: 224161519653538988, guid: ab71c937b0dc5ed409f4e0e57d5c1e26,
        type: 2}
      propertyPath: m_LocalPosition.y
      value: 0
      objectReference: {fileID: 0}
    - target: {fileID: 224161519653538988, guid: ab71c937b0dc5ed409f4e0e57d5c1e26,
        type: 2}
      propertyPath: m_LocalPosition.z
      value: 0
      objectReference: {fileID: 0}
    - target: {fileID: 224161519653538988, guid: ab71c937b0dc5ed409f4e0e57d5c1e26,
        type: 2}
      propertyPath: m_LocalRotation.x
      value: -0
      objectReference: {fileID: 0}
    - target: {fileID: 224161519653538988, guid: ab71c937b0dc5ed409f4e0e57d5c1e26,
        type: 2}
      propertyPath: m_LocalRotation.y
      value: -0
      objectReference: {fileID: 0}
    - target: {fileID: 224161519653538988, guid: ab71c937b0dc5ed409f4e0e57d5c1e26,
        type: 2}
      propertyPath: m_LocalRotation.z
      value: -0
      objectReference: {fileID: 0}
    - target: {fileID: 224161519653538988, guid: ab71c937b0dc5ed409f4e0e57d5c1e26,
        type: 2}
      propertyPath: m_LocalRotation.w
      value: 1
      objectReference: {fileID: 0}
    - target: {fileID: 224161519653538988, guid: ab71c937b0dc5ed409f4e0e57d5c1e26,
        type: 2}
      propertyPath: m_RootOrder
      value: 0
      objectReference: {fileID: 0}
    - target: {fileID: 224161519653538988, guid: ab71c937b0dc5ed409f4e0e57d5c1e26,
        type: 2}
      propertyPath: m_AnchoredPosition.x
      value: -689
      objectReference: {fileID: 0}
    - target: {fileID: 224161519653538988, guid: ab71c937b0dc5ed409f4e0e57d5c1e26,
        type: 2}
      propertyPath: m_AnchoredPosition.y
      value: 402
      objectReference: {fileID: 0}
    - target: {fileID: 224161519653538988, guid: ab71c937b0dc5ed409f4e0e57d5c1e26,
        type: 2}
      propertyPath: m_SizeDelta.x
      value: -1520
      objectReference: {fileID: 0}
    - target: {fileID: 224161519653538988, guid: ab71c937b0dc5ed409f4e0e57d5c1e26,
        type: 2}
      propertyPath: m_SizeDelta.y
      value: -898.99994
      objectReference: {fileID: 0}
    - target: {fileID: 224161519653538988, guid: ab71c937b0dc5ed409f4e0e57d5c1e26,
        type: 2}
      propertyPath: m_AnchorMin.x
      value: 0
      objectReference: {fileID: 0}
    - target: {fileID: 224161519653538988, guid: ab71c937b0dc5ed409f4e0e57d5c1e26,
        type: 2}
      propertyPath: m_AnchorMin.y
      value: 0
      objectReference: {fileID: 0}
    - target: {fileID: 224161519653538988, guid: ab71c937b0dc5ed409f4e0e57d5c1e26,
        type: 2}
      propertyPath: m_AnchorMax.x
      value: 1
      objectReference: {fileID: 0}
    - target: {fileID: 224161519653538988, guid: ab71c937b0dc5ed409f4e0e57d5c1e26,
        type: 2}
      propertyPath: m_AnchorMax.y
      value: 1
      objectReference: {fileID: 0}
    - target: {fileID: 224161519653538988, guid: ab71c937b0dc5ed409f4e0e57d5c1e26,
        type: 2}
      propertyPath: m_Pivot.x
      value: 0.5
      objectReference: {fileID: 0}
    - target: {fileID: 224161519653538988, guid: ab71c937b0dc5ed409f4e0e57d5c1e26,
        type: 2}
      propertyPath: m_Pivot.y
      value: 0.5
      objectReference: {fileID: 0}
    - target: {fileID: 114257537586507838, guid: ab71c937b0dc5ed409f4e0e57d5c1e26,
        type: 2}
      propertyPath: m_FontData.m_Alignment
      value: 1
      objectReference: {fileID: 0}
    m_RemovedComponents: []
  m_ParentPrefab: {fileID: 100100000, guid: ab71c937b0dc5ed409f4e0e57d5c1e26, type: 2}
  m_IsPrefabParent: 0
--- !u!1 &852943990
GameObject:
  m_ObjectHideFlags: 0
  m_PrefabParentObject: {fileID: 1050619191671836, guid: 4016a96e0c68f5b4a8f4a279a742309d,
    type: 2}
  m_PrefabInternal: {fileID: 0}
  serializedVersion: 5
  m_Component:
  - component: {fileID: 852943991}
  m_Layer: 0
  m_Name: DoorArea
  m_TagString: Untagged
  m_Icon: {fileID: 0}
  m_NavMeshLayer: 0
  m_StaticEditorFlags: 0
  m_IsActive: 1
--- !u!4 &852943991
Transform:
  m_ObjectHideFlags: 0
  m_PrefabParentObject: {fileID: 4018861571598960, guid: 4016a96e0c68f5b4a8f4a279a742309d,
    type: 2}
  m_PrefabInternal: {fileID: 0}
  m_GameObject: {fileID: 852943990}
  m_LocalRotation: {x: 0, y: 0, z: 0, w: 1}
  m_LocalPosition: {x: 1427.1603, y: 848.86536, z: -4}
  m_LocalScale: {x: 1, y: 1, z: 1}
  m_Children: []
  m_Father: {fileID: 0}
  m_RootOrder: 5
  m_LocalEulerAnglesHint: {x: 0, y: 0, z: 0}
--- !u!1001 &896189379
Prefab:
  m_ObjectHideFlags: 0
  serializedVersion: 2
  m_Modification:
    m_TransformParent: {fileID: 1538087025}
    m_Modifications:
    - target: {fileID: 224300831315924514, guid: e4d66e6ffa00d724f929b054485a97fa,
        type: 2}
      propertyPath: m_LocalPosition.x
      value: 0
      objectReference: {fileID: 0}
    - target: {fileID: 224300831315924514, guid: e4d66e6ffa00d724f929b054485a97fa,
        type: 2}
      propertyPath: m_LocalPosition.y
      value: 0
      objectReference: {fileID: 0}
    - target: {fileID: 224300831315924514, guid: e4d66e6ffa00d724f929b054485a97fa,
        type: 2}
      propertyPath: m_LocalPosition.z
      value: 0
      objectReference: {fileID: 0}
    - target: {fileID: 224300831315924514, guid: e4d66e6ffa00d724f929b054485a97fa,
        type: 2}
      propertyPath: m_LocalRotation.x
      value: -0
      objectReference: {fileID: 0}
    - target: {fileID: 224300831315924514, guid: e4d66e6ffa00d724f929b054485a97fa,
        type: 2}
      propertyPath: m_LocalRotation.y
      value: -0
      objectReference: {fileID: 0}
    - target: {fileID: 224300831315924514, guid: e4d66e6ffa00d724f929b054485a97fa,
        type: 2}
      propertyPath: m_LocalRotation.z
      value: -0
      objectReference: {fileID: 0}
    - target: {fileID: 224300831315924514, guid: e4d66e6ffa00d724f929b054485a97fa,
        type: 2}
      propertyPath: m_LocalRotation.w
      value: 1
      objectReference: {fileID: 0}
    - target: {fileID: 224300831315924514, guid: e4d66e6ffa00d724f929b054485a97fa,
        type: 2}
      propertyPath: m_RootOrder
      value: 2
      objectReference: {fileID: 0}
    - target: {fileID: 224300831315924514, guid: e4d66e6ffa00d724f929b054485a97fa,
        type: 2}
      propertyPath: m_AnchoredPosition.x
      value: -437.72485
      objectReference: {fileID: 0}
    - target: {fileID: 224300831315924514, guid: e4d66e6ffa00d724f929b054485a97fa,
        type: 2}
      propertyPath: m_AnchoredPosition.y
      value: -66
      objectReference: {fileID: 0}
    - target: {fileID: 224300831315924514, guid: e4d66e6ffa00d724f929b054485a97fa,
        type: 2}
      propertyPath: m_SizeDelta.x
      value: 940.7502
      objectReference: {fileID: 0}
    - target: {fileID: 224300831315924514, guid: e4d66e6ffa00d724f929b054485a97fa,
        type: 2}
      propertyPath: m_SizeDelta.y
      value: 49.400024
      objectReference: {fileID: 0}
    - target: {fileID: 224300831315924514, guid: e4d66e6ffa00d724f929b054485a97fa,
        type: 2}
      propertyPath: m_AnchorMin.x
      value: 1
      objectReference: {fileID: 0}
    - target: {fileID: 224300831315924514, guid: e4d66e6ffa00d724f929b054485a97fa,
        type: 2}
      propertyPath: m_AnchorMin.y
      value: 1
      objectReference: {fileID: 0}
    - target: {fileID: 224300831315924514, guid: e4d66e6ffa00d724f929b054485a97fa,
        type: 2}
      propertyPath: m_AnchorMax.x
      value: 1
      objectReference: {fileID: 0}
    - target: {fileID: 224300831315924514, guid: e4d66e6ffa00d724f929b054485a97fa,
        type: 2}
      propertyPath: m_AnchorMax.y
      value: 1
      objectReference: {fileID: 0}
    - target: {fileID: 224300831315924514, guid: e4d66e6ffa00d724f929b054485a97fa,
        type: 2}
      propertyPath: m_Pivot.x
      value: 0.5
      objectReference: {fileID: 0}
    - target: {fileID: 224300831315924514, guid: e4d66e6ffa00d724f929b054485a97fa,
        type: 2}
      propertyPath: m_Pivot.y
      value: 0.5
      objectReference: {fileID: 0}
    - target: {fileID: 114530924698640880, guid: e4d66e6ffa00d724f929b054485a97fa,
        type: 2}
      propertyPath: m_Color.r
      value: 1
      objectReference: {fileID: 0}
    - target: {fileID: 114530924698640880, guid: e4d66e6ffa00d724f929b054485a97fa,
        type: 2}
      propertyPath: m_Color.g
      value: 0
      objectReference: {fileID: 0}
    - target: {fileID: 114530924698640880, guid: e4d66e6ffa00d724f929b054485a97fa,
        type: 2}
      propertyPath: m_Color.b
      value: 0
      objectReference: {fileID: 0}
    m_RemovedComponents: []
  m_ParentPrefab: {fileID: 100100000, guid: e4d66e6ffa00d724f929b054485a97fa, type: 2}
  m_IsPrefabParent: 0
--- !u!1001 &939416464
Prefab:
  m_ObjectHideFlags: 0
  serializedVersion: 2
  m_Modification:
    m_TransformParent: {fileID: 165282628}
    m_Modifications:
    - target: {fileID: 4899883765672852, guid: 9db604461d491b344996c9d4b78b6345, type: 2}
      propertyPath: m_LocalPosition.x
      value: -467.16028
      objectReference: {fileID: 0}
    - target: {fileID: 4899883765672852, guid: 9db604461d491b344996c9d4b78b6345, type: 2}
      propertyPath: m_LocalPosition.y
      value: -308.86536
      objectReference: {fileID: 0}
    - target: {fileID: 4899883765672852, guid: 9db604461d491b344996c9d4b78b6345, type: 2}
      propertyPath: m_LocalPosition.z
      value: 0
      objectReference: {fileID: 0}
    - target: {fileID: 4899883765672852, guid: 9db604461d491b344996c9d4b78b6345, type: 2}
      propertyPath: m_LocalRotation.x
      value: -0
      objectReference: {fileID: 0}
    - target: {fileID: 4899883765672852, guid: 9db604461d491b344996c9d4b78b6345, type: 2}
      propertyPath: m_LocalRotation.y
      value: -0
      objectReference: {fileID: 0}
    - target: {fileID: 4899883765672852, guid: 9db604461d491b344996c9d4b78b6345, type: 2}
      propertyPath: m_LocalRotation.z
      value: -0
      objectReference: {fileID: 0}
    - target: {fileID: 4899883765672852, guid: 9db604461d491b344996c9d4b78b6345, type: 2}
      propertyPath: m_LocalRotation.w
      value: 1
      objectReference: {fileID: 0}
    - target: {fileID: 4899883765672852, guid: 9db604461d491b344996c9d4b78b6345, type: 2}
      propertyPath: m_RootOrder
      value: 2
      objectReference: {fileID: 0}
    - target: {fileID: 0}
      propertyPath: bm
      value: 
      objectReference: {fileID: 0}
    - target: {fileID: 0}
      propertyPath: windowArea
      value: 
      objectReference: {fileID: 852943990}
    - target: {fileID: 0}
      propertyPath: floorMesh
      value: 
      objectReference: {fileID: 2060798397}
    - target: {fileID: 0}
      propertyPath: isSectionComplete
      value: 
      objectReference: {fileID: 241854879}
    - target: {fileID: 114952893299765688, guid: 9db604461d491b344996c9d4b78b6345,
        type: 2}
      propertyPath: floorMesh
      value: 
      objectReference: {fileID: 2060798397}
    - target: {fileID: 114952893299765688, guid: 9db604461d491b344996c9d4b78b6345,
        type: 2}
      propertyPath: windowArea
      value: 
      objectReference: {fileID: 852943990}
    - target: {fileID: 114952893299765688, guid: 9db604461d491b344996c9d4b78b6345,
        type: 2}
      propertyPath: isSectionComplete
      value: 
      objectReference: {fileID: 241854879}
    - target: {fileID: 114952893299765688, guid: 9db604461d491b344996c9d4b78b6345,
        type: 2}
      propertyPath: Node
      value: 
      objectReference: {fileID: 1979939301822094, guid: bccb6d105d84958448715c085e239a8c,
        type: 2}
    - target: {fileID: 114952893299765688, guid: 9db604461d491b344996c9d4b78b6345,
        type: 2}
      propertyPath: VerticeArea
      value: 
      objectReference: {fileID: 852943990}
    m_RemovedComponents: []
  m_ParentPrefab: {fileID: 100100000, guid: 9db604461d491b344996c9d4b78b6345, type: 2}
  m_IsPrefabParent: 0
--- !u!1001 &1198193605
Prefab:
  m_ObjectHideFlags: 0
  serializedVersion: 2
  m_Modification:
    m_TransformParent: {fileID: 165282628}
    m_Modifications:
    - target: {fileID: 4972175253582340, guid: baab8368dd1ebe349a4916aa23a143ed, type: 2}
      propertyPath: m_LocalPosition.x
      value: -1427.1603
      objectReference: {fileID: 0}
    - target: {fileID: 4972175253582340, guid: baab8368dd1ebe349a4916aa23a143ed, type: 2}
      propertyPath: m_LocalPosition.y
      value: -848.86536
      objectReference: {fileID: 0}
    - target: {fileID: 4972175253582340, guid: baab8368dd1ebe349a4916aa23a143ed, type: 2}
      propertyPath: m_LocalPosition.z
      value: 0
      objectReference: {fileID: 0}
    - target: {fileID: 4972175253582340, guid: baab8368dd1ebe349a4916aa23a143ed, type: 2}
      propertyPath: m_LocalRotation.x
      value: -0
      objectReference: {fileID: 0}
    - target: {fileID: 4972175253582340, guid: baab8368dd1ebe349a4916aa23a143ed, type: 2}
      propertyPath: m_LocalRotation.y
      value: -0
      objectReference: {fileID: 0}
    - target: {fileID: 4972175253582340, guid: baab8368dd1ebe349a4916aa23a143ed, type: 2}
      propertyPath: m_LocalRotation.z
      value: -0
      objectReference: {fileID: 0}
    - target: {fileID: 4972175253582340, guid: baab8368dd1ebe349a4916aa23a143ed, type: 2}
      propertyPath: m_LocalRotation.w
      value: 1
      objectReference: {fileID: 0}
    - target: {fileID: 4972175253582340, guid: baab8368dd1ebe349a4916aa23a143ed, type: 2}
      propertyPath: m_RootOrder
      value: 1
      objectReference: {fileID: 0}
    - target: {fileID: 114399327823113674, guid: baab8368dd1ebe349a4916aa23a143ed,
        type: 2}
      propertyPath: floorMesh
      value: 
      objectReference: {fileID: 2060798397}
    - target: {fileID: 114399327823113674, guid: baab8368dd1ebe349a4916aa23a143ed,
        type: 2}
      propertyPath: isSectionCompleteText
      value: 
      objectReference: {fileID: 1976709996}
    - target: {fileID: 114399327823113674, guid: baab8368dd1ebe349a4916aa23a143ed,
        type: 2}
      propertyPath: SurfaceArea
      value: 
      objectReference: {fileID: 2012793084}
    m_RemovedComponents: []
  m_ParentPrefab: {fileID: 100100000, guid: baab8368dd1ebe349a4916aa23a143ed, type: 2}
  m_IsPrefabParent: 0
--- !u!224 &1375863701 stripped
RectTransform:
  m_PrefabParentObject: {fileID: 224418399303199236, guid: c7e5bdbbdbc05584abde6fe619239929,
    type: 2}
  m_PrefabInternal: {fileID: 1424621077}
--- !u!114 &1375863702 stripped
MonoBehaviour:
  m_PrefabParentObject: {fileID: 114370373358813666, guid: c7e5bdbbdbc05584abde6fe619239929,
    type: 2}
  m_PrefabInternal: {fileID: 1424621077}
  m_Script: {fileID: 708705254, guid: f70555f144d8491a825f0804e09c671c, type: 3}
--- !u!1001 &1424621077
Prefab:
  m_ObjectHideFlags: 0
  serializedVersion: 2
  m_Modification:
    m_TransformParent: {fileID: 1538087025}
    m_Modifications:
    - target: {fileID: 224418399303199236, guid: c7e5bdbbdbc05584abde6fe619239929,
        type: 2}
      propertyPath: m_LocalPosition.x
      value: 0
      objectReference: {fileID: 0}
    - target: {fileID: 224418399303199236, guid: c7e5bdbbdbc05584abde6fe619239929,
        type: 2}
      propertyPath: m_LocalPosition.y
      value: 0
      objectReference: {fileID: 0}
    - target: {fileID: 224418399303199236, guid: c7e5bdbbdbc05584abde6fe619239929,
        type: 2}
      propertyPath: m_LocalPosition.z
      value: 0
      objectReference: {fileID: 0}
    - target: {fileID: 224418399303199236, guid: c7e5bdbbdbc05584abde6fe619239929,
        type: 2}
      propertyPath: m_LocalRotation.x
      value: -0
      objectReference: {fileID: 0}
    - target: {fileID: 224418399303199236, guid: c7e5bdbbdbc05584abde6fe619239929,
        type: 2}
      propertyPath: m_LocalRotation.y
      value: -0
      objectReference: {fileID: 0}
    - target: {fileID: 224418399303199236, guid: c7e5bdbbdbc05584abde6fe619239929,
        type: 2}
      propertyPath: m_LocalRotation.z
      value: -0
      objectReference: {fileID: 0}
    - target: {fileID: 224418399303199236, guid: c7e5bdbbdbc05584abde6fe619239929,
        type: 2}
      propertyPath: m_LocalRotation.w
      value: 1
      objectReference: {fileID: 0}
    - target: {fileID: 224418399303199236, guid: c7e5bdbbdbc05584abde6fe619239929,
        type: 2}
      propertyPath: m_RootOrder
      value: 3
      objectReference: {fileID: 0}
    - target: {fileID: 224418399303199236, guid: c7e5bdbbdbc05584abde6fe619239929,
        type: 2}
      propertyPath: m_AnchoredPosition.x
      value: -195.67493
      objectReference: {fileID: 0}
    - target: {fileID: 224418399303199236, guid: c7e5bdbbdbc05584abde6fe619239929,
        type: 2}
      propertyPath: m_AnchoredPosition.y
      value: -66
      objectReference: {fileID: 0}
    - target: {fileID: 224418399303199236, guid: c7e5bdbbdbc05584abde6fe619239929,
        type: 2}
      propertyPath: m_SizeDelta.x
      value: 456.65015
      objectReference: {fileID: 0}
    - target: {fileID: 224418399303199236, guid: c7e5bdbbdbc05584abde6fe619239929,
        type: 2}
      propertyPath: m_SizeDelta.y
      value: 49.400024
      objectReference: {fileID: 0}
    - target: {fileID: 224418399303199236, guid: c7e5bdbbdbc05584abde6fe619239929,
        type: 2}
      propertyPath: m_AnchorMin.x
      value: 1
      objectReference: {fileID: 0}
    - target: {fileID: 224418399303199236, guid: c7e5bdbbdbc05584abde6fe619239929,
        type: 2}
      propertyPath: m_AnchorMin.y
      value: 1
      objectReference: {fileID: 0}
    - target: {fileID: 224418399303199236, guid: c7e5bdbbdbc05584abde6fe619239929,
        type: 2}
      propertyPath: m_AnchorMax.x
      value: 1
      objectReference: {fileID: 0}
    - target: {fileID: 224418399303199236, guid: c7e5bdbbdbc05584abde6fe619239929,
        type: 2}
      propertyPath: m_AnchorMax.y
      value: 1
      objectReference: {fileID: 0}
    - target: {fileID: 224418399303199236, guid: c7e5bdbbdbc05584abde6fe619239929,
        type: 2}
      propertyPath: m_Pivot.x
      value: 0.5
      objectReference: {fileID: 0}
    - target: {fileID: 224418399303199236, guid: c7e5bdbbdbc05584abde6fe619239929,
        type: 2}
      propertyPath: m_Pivot.y
      value: 0.5
      objectReference: {fileID: 0}
    - target: {fileID: 114370373358813666, guid: c7e5bdbbdbc05584abde6fe619239929,
        type: 2}
      propertyPath: m_Color.r
      value: 1
      objectReference: {fileID: 0}
    - target: {fileID: 114370373358813666, guid: c7e5bdbbdbc05584abde6fe619239929,
        type: 2}
      propertyPath: m_Color.g
      value: 0
      objectReference: {fileID: 0}
    - target: {fileID: 114370373358813666, guid: c7e5bdbbdbc05584abde6fe619239929,
        type: 2}
      propertyPath: m_Color.b
      value: 0
      objectReference: {fileID: 0}
    m_RemovedComponents: []
  m_ParentPrefab: {fileID: 100100000, guid: c7e5bdbbdbc05584abde6fe619239929, type: 2}
  m_IsPrefabParent: 0
--- !u!1 &1459895067
GameObject:
  m_ObjectHideFlags: 0
  m_PrefabParentObject: {fileID: 0}
  m_PrefabInternal: {fileID: 0}
  serializedVersion: 5
  m_Component:
  - component: {fileID: 1459895071}
  - component: {fileID: 1459895070}
  - component: {fileID: 1459895069}
  - component: {fileID: 1459895068}
  m_Layer: 0
  m_Name: Main Camera
  m_TagString: MainCamera
  m_Icon: {fileID: 0}
  m_NavMeshLayer: 0
  m_StaticEditorFlags: 0
  m_IsActive: 1
--- !u!81 &1459895068
AudioListener:
  m_ObjectHideFlags: 0
  m_PrefabParentObject: {fileID: 0}
  m_PrefabInternal: {fileID: 0}
  m_GameObject: {fileID: 1459895067}
  m_Enabled: 1
--- !u!124 &1459895069
Behaviour:
  m_ObjectHideFlags: 0
  m_PrefabParentObject: {fileID: 0}
  m_PrefabInternal: {fileID: 0}
  m_GameObject: {fileID: 1459895067}
  m_Enabled: 1
--- !u!20 &1459895070
Camera:
  m_ObjectHideFlags: 0
  m_PrefabParentObject: {fileID: 0}
  m_PrefabInternal: {fileID: 0}
  m_GameObject: {fileID: 1459895067}
  m_Enabled: 1
  serializedVersion: 2
  m_ClearFlags: 1
  m_BackGroundColor: {r: 0.029411793, g: 0.029411793, b: 0.029411793, a: 0}
  m_NormalizedViewPortRect:
    serializedVersion: 2
    x: 0
    y: 0
    width: 1
    height: 1
  near clip plane: 0.3
  far clip plane: 1000
  field of view: 60
  orthographic: 1
  orthographic size: 7
  m_Depth: -1
  m_CullingMask:
    serializedVersion: 2
    m_Bits: 4294967295
  m_RenderingPath: -1
  m_TargetTexture: {fileID: 0}
  m_TargetDisplay: 0
  m_TargetEye: 3
  m_HDR: 1
  m_AllowMSAA: 1
  m_AllowDynamicResolution: 0
  m_ForceIntoRT: 0
  m_OcclusionCulling: 1
  m_StereoConvergence: 10
  m_StereoSeparation: 0.022
--- !u!4 &1459895071
Transform:
  m_ObjectHideFlags: 0
  m_PrefabParentObject: {fileID: 0}
  m_PrefabInternal: {fileID: 0}
  m_GameObject: {fileID: 1459895067}
  m_LocalRotation: {x: 0, y: 0, z: 0, w: 1}
  m_LocalPosition: {x: 0, y: 0, z: -100}
  m_LocalScale: {x: 1, y: 1, z: 1}
  m_Children: []
  m_Father: {fileID: 0}
  m_RootOrder: 1
  m_LocalEulerAnglesHint: {x: 0, y: 0, z: 0}
--- !u!1 &1462390266 stripped
GameObject:
  m_PrefabParentObject: {fileID: 1056877666834420, guid: 4c0d3d9b476710046a77aa49b8bfeefb,
    type: 2}
  m_PrefabInternal: {fileID: 71983226}
--- !u!114 &1462390267 stripped
MonoBehaviour:
  m_PrefabParentObject: {fileID: 114083390786323028, guid: 4c0d3d9b476710046a77aa49b8bfeefb,
    type: 2}
  m_PrefabInternal: {fileID: 71983226}
  m_Script: {fileID: 11500000, guid: eef5acdd7061f4543aa48ab10e367268, type: 3}
--- !u!4 &1462390268 stripped
Transform:
  m_PrefabParentObject: {fileID: 4736415514979554, guid: 4c0d3d9b476710046a77aa49b8bfeefb,
    type: 2}
  m_PrefabInternal: {fileID: 71983226}
--- !u!1 &1479513507
GameObject:
  m_ObjectHideFlags: 0
  m_PrefabParentObject: {fileID: 0}
  m_PrefabInternal: {fileID: 0}
  serializedVersion: 5
  m_Component:
  - component: {fileID: 1479513509}
  - component: {fileID: 1479513508}
  - component: {fileID: 1479513511}
  - component: {fileID: 1479513510}
  m_Layer: 0
  m_Name: ExportFile
  m_TagString: Untagged
  m_Icon: {fileID: 0}
  m_NavMeshLayer: 0
  m_StaticEditorFlags: 0
  m_IsActive: 1
--- !u!114 &1479513508
MonoBehaviour:
  m_ObjectHideFlags: 0
  m_PrefabParentObject: {fileID: 0}
  m_PrefabInternal: {fileID: 0}
  m_GameObject: {fileID: 1479513507}
  m_Enabled: 1
  m_EditorHideFlags: 0
  m_Script: {fileID: 11500000, guid: 619371be37e987b4a9e631271b6f04a5, type: 3}
  m_Name: 
  m_EditorClassIdentifier: 
  floorManager: {fileID: 1692528964}
  doorManager: {fileID: 280471897}
  windowManager: {fileID: 1462390267}
--- !u!224 &1479513509
RectTransform:
  m_ObjectHideFlags: 0
  m_PrefabParentObject: {fileID: 0}
  m_PrefabInternal: {fileID: 0}
  m_GameObject: {fileID: 1479513507}
  m_LocalRotation: {x: -0, y: -0, z: -0, w: 1}
  m_LocalPosition: {x: 0, y: 0, z: 0}
  m_LocalScale: {x: 1, y: 1, z: 1}
  m_Children: []
  m_Father: {fileID: 1538087025}
  m_RootOrder: 4
  m_LocalEulerAnglesHint: {x: 0, y: 0, z: 0}
  m_AnchorMin: {x: 1, y: 1}
  m_AnchorMax: {x: 1, y: 1}
  m_AnchoredPosition: {x: -305, y: -212}
  m_SizeDelta: {x: 1000, y: 200}
  m_Pivot: {x: 0.5, y: 0.5}
--- !u!114 &1479513510
MonoBehaviour:
  m_ObjectHideFlags: 0
  m_PrefabParentObject: {fileID: 0}
  m_PrefabInternal: {fileID: 0}
  m_GameObject: {fileID: 1479513507}
  m_Enabled: 0
  m_EditorHideFlags: 0
  m_Script: {fileID: 708705254, guid: f70555f144d8491a825f0804e09c671c, type: 3}
  m_Name: 
  m_EditorClassIdentifier: 
  m_Material: {fileID: 0}
  m_Color: {r: 0, g: 1, b: 0.048275948, a: 1}
  m_RaycastTarget: 1
  m_OnCullStateChanged:
    m_PersistentCalls:
      m_Calls: []
    m_TypeName: UnityEngine.UI.MaskableGraphic+CullStateChangedEvent, UnityEngine.UI,
      Version=1.0.0.0, Culture=neutral, PublicKeyToken=null
  m_FontData:
    m_Font: {fileID: 10102, guid: 0000000000000000e000000000000000, type: 0}
    m_FontSize: 50
    m_FontStyle: 0
    m_BestFit: 0
    m_MinSize: 0
    m_MaxSize: 50
    m_Alignment: 0
    m_AlignByGeometry: 0
    m_RichText: 1
    m_HorizontalOverflow: 0
    m_VerticalOverflow: 0
    m_LineSpacing: 1
  m_Text: 'Room nodes can now be exported.

    Press C to export.'
--- !u!222 &1479513511
CanvasRenderer:
  m_ObjectHideFlags: 0
  m_PrefabParentObject: {fileID: 0}
  m_PrefabInternal: {fileID: 0}
  m_GameObject: {fileID: 1479513507}
--- !u!1 &1538087021
GameObject:
  m_ObjectHideFlags: 0
  m_PrefabParentObject: {fileID: 0}
  m_PrefabInternal: {fileID: 0}
  serializedVersion: 5
  m_Component:
  - component: {fileID: 1538087025}
  - component: {fileID: 1538087024}
  - component: {fileID: 1538087023}
  - component: {fileID: 1538087022}
  m_Layer: 5
  m_Name: Canvas
  m_TagString: Untagged
  m_Icon: {fileID: 0}
  m_NavMeshLayer: 0
  m_StaticEditorFlags: 0
  m_IsActive: 1
--- !u!114 &1538087022
MonoBehaviour:
  m_ObjectHideFlags: 0
  m_PrefabParentObject: {fileID: 0}
  m_PrefabInternal: {fileID: 0}
  m_GameObject: {fileID: 1538087021}
  m_Enabled: 1
  m_EditorHideFlags: 0
  m_Script: {fileID: 1301386320, guid: f70555f144d8491a825f0804e09c671c, type: 3}
  m_Name: 
  m_EditorClassIdentifier: 
  m_IgnoreReversedGraphics: 1
  m_BlockingObjects: 0
  m_BlockingMask:
    serializedVersion: 2
    m_Bits: 4294967295
--- !u!114 &1538087023
MonoBehaviour:
  m_ObjectHideFlags: 0
  m_PrefabParentObject: {fileID: 0}
  m_PrefabInternal: {fileID: 0}
  m_GameObject: {fileID: 1538087021}
  m_Enabled: 1
  m_EditorHideFlags: 0
  m_Script: {fileID: 1980459831, guid: f70555f144d8491a825f0804e09c671c, type: 3}
  m_Name: 
  m_EditorClassIdentifier: 
  m_UiScaleMode: 0
  m_ReferencePixelsPerUnit: 100
  m_ScaleFactor: 1
  m_ReferenceResolution: {x: 800, y: 600}
  m_ScreenMatchMode: 0
  m_MatchWidthOrHeight: 0
  m_PhysicalUnit: 3
  m_FallbackScreenDPI: 96
  m_DefaultSpriteDPI: 96
  m_DynamicPixelsPerUnit: 1
--- !u!223 &1538087024
Canvas:
  m_ObjectHideFlags: 0
  m_PrefabParentObject: {fileID: 0}
  m_PrefabInternal: {fileID: 0}
  m_GameObject: {fileID: 1538087021}
  m_Enabled: 1
  serializedVersion: 3
  m_RenderMode: 0
  m_Camera: {fileID: 0}
  m_PlaneDistance: 100
  m_PixelPerfect: 0
  m_ReceivesEvents: 1
  m_OverrideSorting: 0
  m_OverridePixelPerfect: 0
  m_SortingBucketNormalizedSize: 0
  m_AdditionalShaderChannelsFlag: 0
  m_SortingLayerID: 0
  m_SortingOrder: 0
  m_TargetDisplay: 0
--- !u!224 &1538087025
RectTransform:
  m_ObjectHideFlags: 0
  m_PrefabParentObject: {fileID: 0}
  m_PrefabInternal: {fileID: 0}
  m_GameObject: {fileID: 1538087021}
  m_LocalRotation: {x: 0, y: 0, z: 0, w: 1}
  m_LocalPosition: {x: 0, y: 0, z: 0}
  m_LocalScale: {x: 0, y: 0, z: 0}
  m_Children:
  - {fileID: 293573746}
  - {fileID: 1976709995}
  - {fileID: 241854878}
  - {fileID: 1375863701}
  - {fileID: 1479513509}
  m_Father: {fileID: 0}
  m_RootOrder: 2
  m_LocalEulerAnglesHint: {x: 0, y: 0, z: 0}
  m_AnchorMin: {x: 0, y: 0}
  m_AnchorMax: {x: 0, y: 0}
  m_AnchoredPosition: {x: 0, y: 0}
  m_SizeDelta: {x: 0, y: 0}
  m_Pivot: {x: 0, y: 0}
--- !u!1 &1692528961 stripped
GameObject:
  m_PrefabParentObject: {fileID: 1945348941788760, guid: baab8368dd1ebe349a4916aa23a143ed,
    type: 2}
  m_PrefabInternal: {fileID: 1198193605}
--- !u!4 &1692528963 stripped
Transform:
  m_PrefabParentObject: {fileID: 4972175253582340, guid: baab8368dd1ebe349a4916aa23a143ed,
    type: 2}
  m_PrefabInternal: {fileID: 1198193605}
--- !u!114 &1692528964 stripped
MonoBehaviour:
  m_PrefabParentObject: {fileID: 114399327823113674, guid: baab8368dd1ebe349a4916aa23a143ed,
    type: 2}
  m_PrefabInternal: {fileID: 1198193605}
  m_Script: {fileID: 11500000, guid: eb71a54c42d48d1448d59519cc39f9a8, type: 3}
--- !u!1 &1694570461
GameObject:
  m_ObjectHideFlags: 0
  m_PrefabParentObject: {fileID: 0}
  m_PrefabInternal: {fileID: 0}
  serializedVersion: 5
  m_Component:
  - component: {fileID: 1694570464}
  - component: {fileID: 1694570463}
  - component: {fileID: 1694570462}
  m_Layer: 0
  m_Name: EventSystem
  m_TagString: Untagged
  m_Icon: {fileID: 0}
  m_NavMeshLayer: 0
  m_StaticEditorFlags: 0
  m_IsActive: 1
--- !u!114 &1694570462
MonoBehaviour:
  m_ObjectHideFlags: 0
  m_PrefabParentObject: {fileID: 0}
  m_PrefabInternal: {fileID: 0}
  m_GameObject: {fileID: 1694570461}
  m_Enabled: 1
  m_EditorHideFlags: 0
  m_Script: {fileID: 1077351063, guid: f70555f144d8491a825f0804e09c671c, type: 3}
  m_Name: 
  m_EditorClassIdentifier: 
  m_HorizontalAxis: Horizontal
  m_VerticalAxis: Vertical
  m_SubmitButton: Submit
  m_CancelButton: Cancel
  m_InputActionsPerSecond: 10
  m_RepeatDelay: 0.5
  m_ForceModuleActive: 0
--- !u!114 &1694570463
MonoBehaviour:
  m_ObjectHideFlags: 0
  m_PrefabParentObject: {fileID: 0}
  m_PrefabInternal: {fileID: 0}
  m_GameObject: {fileID: 1694570461}
  m_Enabled: 1
  m_EditorHideFlags: 0
  m_Script: {fileID: -619905303, guid: f70555f144d8491a825f0804e09c671c, type: 3}
  m_Name: 
  m_EditorClassIdentifier: 
  m_FirstSelected: {fileID: 0}
  m_sendNavigationEvents: 1
  m_DragThreshold: 5
--- !u!4 &1694570464
Transform:
  m_ObjectHideFlags: 0
  m_PrefabParentObject: {fileID: 0}
  m_PrefabInternal: {fileID: 0}
  m_GameObject: {fileID: 1694570461}
  m_LocalRotation: {x: 0, y: 0, z: 0, w: 1}
  m_LocalPosition: {x: 0, y: 0, z: 0}
  m_LocalScale: {x: 1, y: 1, z: 1}
  m_Children: []
  m_Father: {fileID: 0}
  m_RootOrder: 0
  m_LocalEulerAnglesHint: {x: 0, y: 0, z: 0}
--- !u!224 &1976709995 stripped
RectTransform:
  m_PrefabParentObject: {fileID: 224232564747929104, guid: c25c7db3cb5ce1c4397af6dc31684de5,
    type: 2}
  m_PrefabInternal: {fileID: 480837900}
--- !u!114 &1976709996 stripped
MonoBehaviour:
  m_PrefabParentObject: {fileID: 114449382670601186, guid: c25c7db3cb5ce1c4397af6dc31684de5,
    type: 2}
  m_PrefabInternal: {fileID: 480837900}
  m_Script: {fileID: 708705254, guid: f70555f144d8491a825f0804e09c671c, type: 3}
--- !u!1 &2002334599
GameObject:
  m_ObjectHideFlags: 0
  m_PrefabParentObject: {fileID: 1665079517866682, guid: 562006eafabcfdc42b6d4500e66946cf,
    type: 2}
  m_PrefabInternal: {fileID: 0}
  serializedVersion: 5
  m_Component:
  - component: {fileID: 2002334600}
  m_Layer: 0
  m_Name: WindowArea
  m_TagString: Untagged
  m_Icon: {fileID: 0}
  m_NavMeshLayer: 0
  m_StaticEditorFlags: 0
  m_IsActive: 1
--- !u!4 &2002334600
Transform:
  m_ObjectHideFlags: 0
  m_PrefabParentObject: {fileID: 4595013083681198, guid: 562006eafabcfdc42b6d4500e66946cf,
    type: 2}
  m_PrefabInternal: {fileID: 0}
  m_GameObject: {fileID: 2002334599}
  m_LocalRotation: {x: 0, y: 0, z: 0, w: 1}
  m_LocalPosition: {x: 1427.1603, y: 848.86536, z: -3}
  m_LocalScale: {x: 1, y: 1, z: 1}
  m_Children: []
  m_Father: {fileID: 0}
  m_RootOrder: 6
  m_LocalEulerAnglesHint: {x: 0, y: 0, z: 0}
--- !u!114 &2012793084 stripped
MonoBehaviour:
  m_PrefabParentObject: {fileID: 114993615892818290, guid: c25c7db3cb5ce1c4397af6dc31684de5,
    type: 2}
  m_PrefabInternal: {fileID: 480837900}
  m_Script: {fileID: 708705254, guid: f70555f144d8491a825f0804e09c671c, type: 3}
--- !u!1 &2060798397
GameObject:
  m_ObjectHideFlags: 0
  m_PrefabParentObject: {fileID: 1120040158072704, guid: 8aebbd5600b3bde4eac79fab60fabe43,
    type: 2}
  m_PrefabInternal: {fileID: 0}
  serializedVersion: 5
  m_Component:
  - component: {fileID: 2060798398}
  - component: {fileID: 2060798400}
  - component: {fileID: 2060798399}
  - component: {fileID: 2060798401}
  m_Layer: 0
  m_Name: FloorArea
  m_TagString: Untagged
  m_Icon: {fileID: 0}
  m_NavMeshLayer: 0
  m_StaticEditorFlags: 0
  m_IsActive: 1
--- !u!4 &2060798398
Transform:
  m_ObjectHideFlags: 0
  m_PrefabParentObject: {fileID: 4769137834668712, guid: 8aebbd5600b3bde4eac79fab60fabe43,
    type: 2}
  m_PrefabInternal: {fileID: 0}
  m_GameObject: {fileID: 2060798397}
  m_LocalRotation: {x: 0, y: 0, z: 0, w: 1}
  m_LocalPosition: {x: 0, y: 0, z: 2}
  m_LocalScale: {x: 1, y: 1, z: 1}
  m_Children: []
  m_Father: {fileID: 0}
  m_RootOrder: 4
  m_LocalEulerAnglesHint: {x: 0, y: 0, z: 0}
--- !u!33 &2060798399
MeshFilter:
  m_ObjectHideFlags: 0
  m_PrefabParentObject: {fileID: 33121527791070940, guid: 8aebbd5600b3bde4eac79fab60fabe43,
    type: 2}
  m_PrefabInternal: {fileID: 0}
  m_GameObject: {fileID: 2060798397}
  m_Mesh: {fileID: 10209, guid: 0000000000000000e000000000000000, type: 0}
--- !u!23 &2060798400
MeshRenderer:
  m_ObjectHideFlags: 0
  m_PrefabParentObject: {fileID: 23557813497784456, guid: 8aebbd5600b3bde4eac79fab60fabe43,
    type: 2}
  m_PrefabInternal: {fileID: 0}
  m_GameObject: {fileID: 2060798397}
  m_Enabled: 1
  m_CastShadows: 1
  m_ReceiveShadows: 1
  m_DynamicOccludee: 1
  m_MotionVectors: 1
  m_LightProbeUsage: 1
  m_ReflectionProbeUsage: 1
  m_Materials:
  - {fileID: 2100000, guid: 25486fa662f8a614da6c70ed08ae7043, type: 2}
  m_StaticBatchInfo:
    firstSubMesh: 0
    subMeshCount: 0
  m_StaticBatchRoot: {fileID: 0}
  m_ProbeAnchor: {fileID: 0}
  m_LightProbeVolumeOverride: {fileID: 0}
  m_ScaleInLightmap: 1
  m_PreserveUVs: 0
  m_IgnoreNormalsForChartDetection: 0
  m_ImportantGI: 0
  m_StitchLightmapSeams: 0
  m_SelectedEditorRenderState: 3
  m_MinimumChartSize: 4
  m_AutoUVMaxDistance: 0.5
  m_AutoUVMaxAngle: 89
  m_LightmapParameters: {fileID: 0}
  m_SortingLayerID: 0
  m_SortingLayer: 0
  m_SortingOrder: 0
--- !u!120 &2060798401
LineRenderer:
  m_ObjectHideFlags: 0
  m_PrefabParentObject: {fileID: 120040766698556932, guid: 8aebbd5600b3bde4eac79fab60fabe43,
    type: 2}
  m_PrefabInternal: {fileID: 0}
  m_GameObject: {fileID: 2060798397}
  m_Enabled: 1
  m_CastShadows: 1
  m_ReceiveShadows: 1
  m_DynamicOccludee: 1
  m_MotionVectors: 0
  m_LightProbeUsage: 0
  m_ReflectionProbeUsage: 0
  m_Materials:
  - {fileID: 2100000, guid: ed81fe6d435f87f41a2ec512ed0a9cac, type: 2}
  m_StaticBatchInfo:
    firstSubMesh: 0
    subMeshCount: 0
  m_StaticBatchRoot: {fileID: 0}
  m_ProbeAnchor: {fileID: 0}
  m_LightProbeVolumeOverride: {fileID: 0}
  m_ScaleInLightmap: 1
  m_PreserveUVs: 0
  m_IgnoreNormalsForChartDetection: 0
  m_ImportantGI: 0
  m_StitchLightmapSeams: 0
  m_SelectedEditorRenderState: 3
  m_MinimumChartSize: 4
  m_AutoUVMaxDistance: 0.5
  m_AutoUVMaxAngle: 89
  m_LightmapParameters: {fileID: 0}
  m_SortingLayerID: 0
  m_SortingLayer: 0
  m_SortingOrder: 0
  m_Positions:
  - {x: 0, y: 0, z: 1}
  - {x: 0, y: 0, z: 1}
  m_Parameters:
    serializedVersion: 2
    widthMultiplier: 0.12
    widthCurve:
      serializedVersion: 2
      m_Curve:
      - serializedVersion: 2
        time: 0
        value: 1
        inSlope: 0
        outSlope: 0
        tangentMode: 0
      m_PreInfinity: 2
      m_PostInfinity: 2
      m_RotationOrder: 4
    colorGradient:
      serializedVersion: 2
      key0: {r: 1, g: 1, b: 1, a: 1}
      key1: {r: 1, g: 1, b: 1, a: 1}
      key2: {r: 0, g: 0, b: 0, a: 0}
      key3: {r: 0, g: 0, b: 0, a: 0}
      key4: {r: 0, g: 0, b: 0, a: 0}
      key5: {r: 0, g: 0, b: 0, a: 0}
      key6: {r: 0, g: 0, b: 0, a: 0}
      key7: {r: 0, g: 0, b: 0, a: 0}
      ctime0: 0
      ctime1: 65535
      ctime2: 0
      ctime3: 0
      ctime4: 0
      ctime5: 0
      ctime6: 0
      ctime7: 0
      atime0: 0
      atime1: 65535
      atime2: 0
      atime3: 0
      atime4: 0
      atime5: 0
      atime6: 0
      atime7: 0
      m_Mode: 0
      m_NumColorKeys: 2
      m_NumAlphaKeys: 2
    numCornerVertices: 0
    numCapVertices: 0
    alignment: 0
    textureMode: 0
    generateLightingData: 0
  m_UseWorldSpace: 1
  m_Loop: 0
--- !u!1001 &2096625834
Prefab:
  m_ObjectHideFlags: 0
  serializedVersion: 2
  m_Modification:
    m_TransformParent: {fileID: 165282628}
    m_Modifications:
    - target: {fileID: 4897925350631438, guid: dd4818ce2e3f424449e72da6634d4530, type: 2}
      propertyPath: m_LocalPosition.x
      value: -467.16028
      objectReference: {fileID: 0}
    - target: {fileID: 4897925350631438, guid: dd4818ce2e3f424449e72da6634d4530, type: 2}
      propertyPath: m_LocalPosition.y
      value: -308.86536
      objectReference: {fileID: 0}
    - target: {fileID: 4897925350631438, guid: dd4818ce2e3f424449e72da6634d4530, type: 2}
      propertyPath: m_LocalPosition.z
      value: 0
      objectReference: {fileID: 0}
    - target: {fileID: 4897925350631438, guid: dd4818ce2e3f424449e72da6634d4530, type: 2}
      propertyPath: m_LocalRotation.x
      value: -0
      objectReference: {fileID: 0}
    - target: {fileID: 4897925350631438, guid: dd4818ce2e3f424449e72da6634d4530, type: 2}
      propertyPath: m_LocalRotation.y
      value: -0
      objectReference: {fileID: 0}
    - target: {fileID: 4897925350631438, guid: dd4818ce2e3f424449e72da6634d4530, type: 2}
      propertyPath: m_LocalRotation.z
      value: -0
      objectReference: {fileID: 0}
    - target: {fileID: 4897925350631438, guid: dd4818ce2e3f424449e72da6634d4530, type: 2}
      propertyPath: m_LocalRotation.w
      value: 1
      objectReference: {fileID: 0}
    - target: {fileID: 4897925350631438, guid: dd4818ce2e3f424449e72da6634d4530, type: 2}
      propertyPath: m_RootOrder
      value: 0
      objectReference: {fileID: 0}
    - target: {fileID: 114217346627003456, guid: dd4818ce2e3f424449e72da6634d4530,
        type: 2}
      propertyPath: FloorManager
      value: 
      objectReference: {fileID: 1692528961}
    - target: {fileID: 114217346627003456, guid: dd4818ce2e3f424449e72da6634d4530,
        type: 2}
      propertyPath: WindowManager
      value: 
      objectReference: {fileID: 1462390266}
    - target: {fileID: 114217346627003456, guid: dd4818ce2e3f424449e72da6634d4530,
        type: 2}
      propertyPath: DoorManager
      value: 
      objectReference: {fileID: 280471896}
    - target: {fileID: 114217346627003456, guid: dd4818ce2e3f424449e72da6634d4530,
        type: 2}
      propertyPath: mode
      value: 
      objectReference: {fileID: 293573747}
    - target: {fileID: 114217346627003456, guid: dd4818ce2e3f424449e72da6634d4530,
        type: 2}
      propertyPath: floorMesh
      value: 
      objectReference: {fileID: 2060798397}
    - target: {fileID: 114217346627003456, guid: dd4818ce2e3f424449e72da6634d4530,
        type: 2}
      propertyPath: fm
      value: 
      objectReference: {fileID: 1692528964}
    m_RemovedComponents: []
  m_ParentPrefab: {fileID: 100100000, guid: dd4818ce2e3f424449e72da6634d4530, type: 2}
  m_IsPrefabParent: 0
--- !u!4 &2096625835 stripped
Transform:
  m_PrefabParentObject: {fileID: 4897925350631438, guid: dd4818ce2e3f424449e72da6634d4530,
    type: 2}
  m_PrefabInternal: {fileID: 2096625834}
